@INPROCEEDINGS{DonzeM10,
  author = {A. Donz{\'e} and O. Maler},
  title = {Robust Satisfaction of Temporal Logic over Real-Valued Signals},
  booktitle = {FORMATS},
  year = {2010},
  pages = {92-106},
}

@INPROCEEDINGS{MalerN04,
  author = {Oded Maler and Dejan Nickovic},
  title = {Monitoring Temporal Properties of Continuous Signals},
  booktitle = {FORMATS/FTRTFT},
  year = {2004},
  pages = {152-166},
  owner = {alex},
  timestamp = {2010.03.24}
}



